@misc{matlab_1,
  title = {convolution2dLayer},
  howpublished = {\url{https://nl.mathworks.com/help/nnet/ref/convolution2dlayer.html}},
  note = {Accessed: 2017-05-27}
}

@misc{matlab_2,
  title = {Create, Configure, and Initialize Multilayer Neural Networks},
  howpublished = {\url{https://nl.mathworks.com/help/nnet/ug/create-configure-and-initialize-multilayer-neural-networks.html}},
  note = {Accessed: 2017-05-27}
}